<?xml version="1.0" encoding="utf-8"?>
<record xmlns="http://www.loc.gov/MARC21/slim" xmlns:xsi="http://www.w3.org/2001/XMLSchema-instance" xsi:schemaLocation="http://www.loc.gov/MARC21/slim http://www.loc.gov/standards/marcxml/schema/MARC21slim.xsd">
	<leader>     nam a22        4500</leader>
	<controlfield tag="001">3071523</controlfield>
	<controlfield tag="003">NNC</controlfield>
	<controlfield tag="006">m        d        </controlfield>
	<controlfield tag="007">cr cn |||m|||a</controlfield>
	<controlfield tag="008">160408m19501953ua      o     000 0 ararc</controlfield>
	<datafield ind1=" " ind2=" " tag="040">
		<subfield code="a">NNU</subfield>
		<subfield code="b">eng</subfield>
		<subfield code="e">rda</subfield>
		<subfield code="c">NNU</subfield>
	</datafield>
	<datafield ind1="1" ind2=" " tag="041">
		<subfield code="a">aralat</subfield>
		<subfield code="h">lat</subfield>
	</datafield>
	<datafield ind1=" " ind2="4" tag="050">
		<subfield code="a">B753</subfield>
		<subfield code="b">.K511 1950</subfield>
	</datafield>
	<datafield ind1="0" ind2=" " tag="100">
		<subfield code="6">880-01</subfield>
		<subfield code="a">Kindī,</subfield>
		<subfield code="d">-approximately 873.</subfield>
	</datafield>
	<datafield ind1="1" ind2="0" tag="245">
		<subfield code="6">880-02</subfield>
		<subfield code="a">Rasāʻil al-Kindī al-falsafīyah /</subfield>
		<subfield code="c">ḥaqqaqahā wa-akhrajahā maʻa muqaddimah taḥlīlīyah li-kull minhā wa-taṣdīr wāfin ʻan al-Kindī wa-falsafatihi Muḥammad ʻAbd al-Hādī Abū Rīdah.</subfield>
	</datafield>
	<datafield ind1=" " ind2=" " tag="260">
		<subfield code="6">880-03</subfield>
		<subfield code="a">Miṣr :</subfield>
		<subfield code="b">Dār al-Fikr al-ʻArabī,</subfield>
		<subfield code="c">1950-1953.</subfield>
	</datafield>
	<datafield ind1=" " ind2=" " tag="300">
		<subfield code="a">online resource (2 volumes)</subfield>
	</datafield>
	<datafield ind1=" " ind2=" " tag="336">
		<subfield code="a">text</subfield>
		<subfield code="2">rdacontent</subfield>
	</datafield>
	<datafield ind1=" " ind2=" " tag="337">
		<subfield code="a">computer</subfield>
		<subfield code="2">rdamedia</subfield>
	</datafield>
	<datafield ind1=" " ind2=" " tag="338">
		<subfield code="a">online resource</subfield>
		<subfield code="2">rdacarrier</subfield>
	</datafield>
	<datafield ind1=" " ind2=" " tag="500">
		<subfield code="a">Latin translation and Arabic text of Kitāb al-jawāhir al-khamsah (Liber de quinque essentiis) on opposite pages: v. 2, p. 8-20.</subfield>
	</datafield>
	<datafield ind1=" " ind2=" " tag="500">
		<subfield code="a">Part of the Arabic Collections Online (ACO) project, contributed by Columbia University Libraries.</subfield>
	</datafield>
	<datafield ind1=" " ind2=" " tag="533">
		<subfield code="a">Electronic reproduction.</subfield>
		<subfield code="b">New York, N.Y. :</subfield>
		<subfield code="c">New York University,</subfield>
		<subfield code="d">2016.</subfield>
		<subfield code="5">NNU</subfield>
	</datafield>
	<datafield ind1=" " ind2=" " tag="546">
		<subfield code="a">In Arabic.</subfield>
	</datafield>
	<datafield ind1="1" ind2=" " tag="505">
		<subfield code="a">[Juzʼ 1] al-falsafah al-ūlā. Ḥudūd al-ashyāʼ wa-rusūmuhā. al-Fāʻil al-ḥaqq al-awwal al-tām. Īḍāḥ tunāhī jarm al-ʻālam. Māʼiyah mālā yumkin an yakūn lā nihāyat lahū wa-mā alladhī yuqālu lā nihāyat lah. Waḥdāniyat Allah wa-tanāhī jarm al-ʻālam. ʻIllat al-kawn wa-al-fasād, al-Ibānah ʻan sujūd al-jarm al-aqṣā. Annahū tawajjad jawāhir lā ajsām. al-Qawl fī al-nafs. al-Nafs. Mā hiya al-nawm wa-al-rʼuyā. al-ʻAql. Kamiyyat kutub Arisṭū -- Juzʼi 2. al-Jawāhir al-khamsah. al-Ibānah ʻan ṭabīat al-falak mukhālifah li-ṭabāʼiʻ al-ānāṣir al-arbaʻah. An al-ʻanāṣir wa-al- jarm al-aqṣā karyat al-shakl. al-Sabab alladhī [lahū] nasabat al-qudamāʼ al-ashkāl al-khamsah ilā al-istaqsāt. al-Jarm al-ḥāmil bi-ṭibaʻihī al-lawn min al-ʻanāṣir al-arbaʻah wa-alladhī huwa ʻillat al-lawn fī ghayrih. al-ʻIllah allatī lahā takūn baʻd al-mawādiʻ lā takādu tamṭur. ʻIllat kawn al-ḍabāb. ʻIllat al-thalj wa-al-bard wa-al-barq wa-al-ṣawāʻiq wa-al-raʻd wa-al-zamharīr. al-ʻIllah allatī yabrud lahā aʻlā al-jaw wa-yaskhun mā qaraba min al-arḍ. ʻIllat al-lawn al-lāzurdī</subfield>
	</datafield>
	<datafield ind1=" " ind2="0" tag="650">
		<subfield code="a">Philosophy, Arab</subfield>
		<subfield code="v">Early works to 1800.</subfield>
	</datafield>
	<datafield ind1=" " ind2="7" tag="650">
		<subfield code="a">Philosophy, Arab.</subfield>
		<subfield code="2">fast</subfield>
		<subfield code="0">(OCoLC)fst01060873</subfield>
	</datafield>
	<datafield ind1=" " ind2="7" tag="655">
		<subfield code="a">Early works.</subfield>
		<subfield code="2">fast</subfield>
		<subfield code="0">(OCoLC)fst01411636</subfield>
	</datafield>
	<datafield ind1="1" ind2=" " tag="700">
		<subfield code="6">880-04</subfield>
		<subfield code="a">Abū Rīdah, Muḥammad ʻAbd al-Hādī.</subfield>
	</datafield>
	<datafield ind1="2" ind2=" " tag="710">
		<subfield code="a">Columbia University.</subfield>
		<subfield code="b">Libraries.</subfield>
	</datafield>
	<datafield ind1="0" ind2=" " tag="730">
		<subfield code="a">Arabic Collections Online.</subfield>
	</datafield>
	<datafield ind1="0" ind2="2" tag="740">
		<subfield code="a">Kitāb al-jawāhir al-khamsah.</subfield>
	</datafield>
	<datafield ind1="0" ind2="2" tag="740">
		<subfield code="a">Liber de quinque essentiis.</subfield>
	</datafield>
	<datafield ind1="0" ind2="8" tag="776">
		<subfield code="i">Online version:</subfield>
		<subfield code="a">Kindī, -approximately 873.</subfield>
		<subfield code="t">Rasāʻil al-Kindī al-falsafīyah.</subfield>
		<subfield code="d">Miṣr : Dār al-Fikr al-ʻArabī, 1950-1953</subfield>
		<subfield code="w">(OCoLC)551248721</subfield>
	</datafield>
	<datafield ind1="0" ind2="8" tag="776">
		<subfield code="i">Online version:</subfield>
		<subfield code="a">Kindī, -approximately 873.</subfield>
		<subfield code="t">Rasāʻil al-Kindī al-falsafīyah.</subfield>
		<subfield code="d">Miṣr : Dār al-Fikr al-ʻArabī, 1950-1953</subfield>
		<subfield code="w">(OCoLC)593992572</subfield>
	</datafield>
	<datafield ind1="0" ind2="8" tag="776">
		<subfield code="i">Print version:</subfield>
		<subfield code="a">Kindī, -approximately 873.</subfield>
		<subfield code="t">Rasāʻil al-Kindī al-falsafīyah</subfield>
		<subfield code="w">(NNC)3071523</subfield>
		<subfield code="w">(OCoLC)16771047</subfield>
	</datafield>
	<datafield ind1="4" ind2="0" tag="856">
		<subfield code="u">http://hdl.handle.net/2333.1/2z34tr5r</subfield>
	</datafield>
	<datafield ind1="0" ind2=" " tag="880">
		<subfield code="6">100-01/r</subfield>
		<subfield code="a">كندي.</subfield>
	</datafield>
	<datafield ind1="1" ind2="0" tag="880">
		<subfield code="6">245-02/r</subfield>
		<subfield code="a">رسائل الكندي الفلسفية /</subfield>
		<subfield code="c">حققها وأخرجها مع مقدمة تحليلية لكل منها وتصدير واف عن الكندي وفلسفته محمد عبد الهادي أبو ريدة.</subfield>
	</datafield>
	<datafield ind1=" " ind2=" " tag="880">
		<subfield code="6">260-03/r</subfield>
		<subfield code="a">القاهرة؛</subfield>
		<subfield code="b">دار الفكر العربي ،</subfield>
		<subfield code="c">١٩٥٠-١٩٥٣.</subfield>
	</datafield>
	<datafield ind1="1" ind2=" " tag="880">
		<subfield code="6">700-04/r</subfield>
		<subfield code="a">أبو ريدة، محمد عبد الهادي.</subfield>
	</datafield>
	<datafield ind1=" " ind2=" " tag="959">
		<subfield code="a">NNU</subfield>
		<subfield code="b">WEB</subfield>
		<subfield code="c">GENI</subfield>
		<subfield code="t">0</subfield>
		<subfield code="m">Electronic access</subfield>
		<subfield code="s">01</subfield>
	</datafield>
	<datafield ind1=" " ind2=" " tag="999">
		<subfield code="i">NNC_3071523</subfield>
		<subfield code="o">(OCoLC)ocm16771047 </subfield>
		<subfield code="s">columbia_aco001994:v.2</subfield>
		<subfield code="s">columbia_aco001995:v.1</subfield>
	</datafield>
</record>
